@article{Article1:1990,
	author = {Mr. Nobody},
	title = {Why a PhD is cool},
	journal = {International Journal of Theoretical Physics},
	year = {1990},
	volume = {21},
	pages = {123},
	doi = {https://fake.doi.org}
}