@article{SomeOtherName:2021,
	title = {A very great Paper but not mine},
	author = {SomeOther, A and SomeOtherOther, B and Surname, Name and Professor, A. and Professor, B. and Professor, C.},
	journal = {Phys. Rev. Res.},
	volume = {0},
	pages = {033036},
	numpages = {6},
	year = {2024},
	month = {Jul},
	publisher = {American Physical Society},
	doi = {00.1234/PhysRevResearch.5.123456},
	url = {https://what.a.fake.link.lol.org/doi/00.1234/PhysRevResearch.5.123456}
}


@article{SomeOtherName:2022,
	title = {An amazing paper but also not mine},
	author = {SomeOther, A and SomeOtherOther, B and Surname, Name and Professor, A. and Professor, B. and Professor, C.},
	journal = {Phys. Rev. Res.},
	volume = {0},
	pages = {033036},
	numpages = {6},
	year = {2024},
	month = {Jul},
	publisher = {American Physical Society},
	doi = {00.1234/PhysRevResearch.5.123456},
	url = {https://what.a.fake.link.lol.org/doi/00.1234/PhysRevResearch.5.123456}
}

@article{SomeOtherName:2024,
	title = {WTF will I ever be first author???},
	author = {SomeOther, A and SomeOtherOther, B and Surname, Name and Professor, A. and Professor, B. and Professor, C.},
	journal = {Phys. Rev. Res.},
	volume = {0},
	pages = {033036},
	numpages = {6},
	year = {2024},
	month = {Jul},
	publisher = {American Physical Society},
	doi = {00.1234/PhysRevResearch.5.123456},
	url = {https://what.a.fake.link.lol.org/doi/00.1234/PhysRevResearch.5.123456}
}

@article{SomeOtherName:2025,
	title = {OMG I did all the work here},
	author = {SomeOther, A and SomeOtherOther, B and Surname, Name and Professor, A. and Professor, B. and Professor, C.},
	journal = {Phys. Rev. Res.},
	volume = {0},
	pages = {033036},
	numpages = {6},
	year = {2024},
	month = {Jul},
	publisher = {American Physical Society},
	doi = {00.1234/PhysRevResearch.5.123456},
	url = {https://what.a.fake.link.lol.org/doi/00.1234/PhysRevResearch.5.123456}
}