@article{Name:2023,
	title = {A very great Paper},
	author = {Surname, Name and Professor, A. and Professor, B. and Professor, C.},
	journal = {Phys. Rev. Res.},
	volume = {0},
	pages = {033036},
	numpages = {6},
	year = {2024},
	month = {Jul},
	publisher = {American Physical Society},
	doi = {00.1234/PhysRevResearch.5.123456},
	url = {https://what.a.fake.link.lol.org/doi/00.1234/PhysRevResearch.5.123456}
}

@article{Name:2024,
	title = {A even better very great Paper},
	author = {Surname, Name and Professor, A. and Professor, B. and Professor, C.},
	journal = {Phys. Rev. Res.},
	volume = {0},
	pages = {033036},
	numpages = {6},
	year = {2024},
	month = {Jul},
	publisher = {American Physical Society},
	doi = {00.1234/PhysRevResearch.5.123456},
	url = {https://what.a.fake.link.lol.org/doi/00.1234/PhysRevResearch.5.123456}
}
